@article{Block1981-BLOPAB,
  pages = {5--43},
  author = {Ned Block},
  title = {Psychologism and Behaviorism},
  journal = {Philosophical Review},
  year = {1981},
  publisher = {Duke University Press},
  number = {1},
  volume = {90}
}

@book{Boden1988-BODCMO,
  author = {Margaret A. Boden},
  title = {Computer Models On Mind: Computational Approaches In Theoretical Psychology},
  year = {1988},
  publisher = {Cambridge University Press}
}

@article{Bringsjord2001-BRICTT-3,
  volume = {11},
  journal = {Minds and Machines},
  year = {2001},
  publisher = {Springer Netherlands},
  author = {Selmer Bringsjord and P. Bello and David A. Ferrucci},
  pages = {3--27},
  number = {1},
  title = {Creativity, the Turing Test, and the (Better) Lovelace Test}
}

@book{Chalmers1996-CHATCM,
  year = {1996},
  title = {The Conscious Mind: In Search of a Fundamental Theory},
  author = {David J. Chalmers},
  publisher = {Oxford University Press}
}

@article{Churchland1990-CHUCAM,
  volume = {262},
  year = {1990},
  journal = {Scientific American},
  title = {Could a Machine Think?},
  number = {1},
  pages = {32--37},
  author = {Paul M. Churchland and Patricia S. Churchland}
}

@book{Clark1989-CLAM,
  year = {1989},
  author = {Andy Clark},
  publisher = {MIT Press},
  title = {Microcognition}
}

@article{Cole1991-COLAIA,
  year = {1991},
  number = {September},
  title = {Artificial Intelligence and Personal Identity},
  author = {David J. Cole},
  publisher = {Springer},
  volume = {88},
  journal = {Synthese},
  pages = {399--417}
}

@article{Cole1991-COLAMC,
  number = {3},
  journal = {Australasian Journal of Philosophy},
  author = {David J. Cole},
  title = {Artificial Minds: Cam on Searle},
  year = {1991},
  volume = {69},
  publisher = {Taylor & Francis},
  pages = {329--33}
}

@incollection{Cole1994-COLTCP,
  author = {David J. Cole},
  publisher = {Academic Press},
  year = {1994},
  title = {The Causal Powers of CPUs},
  booktitle = {Thinking Computers and Virtual Persons},
  editor = {Eric Dietrich}
}

@incollection{Copeland2003-COPTCR,
  year = {2003},
  author = {B. Jack Copeland},
  booktitle = {Views Into the Chinese Room: New Essays on Searle and Artificial Intelligence},
  publisher = {Oxford University Press},
  title = {The Chinese Room From a Logical Point of View},
  editor = {John M. Preston and John Mark Bishop}
}

@book{Crane2003-CRATMM,
  title = {The Mechanical Mind: A Philosophical Introduction to Minds, Machines and Mental Representation},
  publisher = {Routledge},
  year = {2003},
  author = {Tim Crane}
}

@article{Dennett1978-DENTAC,
  author = {Daniel C. Dennett},
  title = {Toward a Cognitive Theory of Consciousness},
  volume = {9},
  year = {1978},
  journal = {Minnesota Studies in the Philosophy of Science}
}

@article{Erion2001-ERITCT,
  author = {Gerald J. Erion},
  publisher = {Springer Netherlands},
  volume = {11},
  journal = {Minds and Machines},
  pages = {29--39},
  year = {2001},
  number = {1},
  title = {The Cartesian Test for Automatism}
}

@incollection{Fodor1991-FODYAY,
  publisher = {Oxford University Press},
  author = {Jerry A. Fodor},
  booktitle = {The Nature of Mind},
  editor = {D. Rosenthal},
  title = {Yin and Yang in the Chinese Room},
  year = {1991}
}

@article{French1990-FRESAT,
  pages = {53--66},
  journal = {Mind},
  author = {Robert M. French},
  volume = {99},
  title = {Subcognition and the Limits of the Turing Test},
  number = {393},
  year = {1990},
  publisher = {Oxford University Press}
}

@article{Gunderson1964-KEIDLM,
  year = {1964},
  publisher = {Cambridge University Press},
  author = {Keith Gunderson},
  journal = {Philosophy},
  number = {149},
  pages = {193--222},
  title = {Descartes, La Mettrie, Language, and Machines},
  volume = {39}
}

@article{Harnad1989-HARMMA-3,
  volume = {1},
  author = {Stevan Harnad},
  pages = {5--25},
  title = {Minds, Machines and Searle},
  journal = {Journal of Experimental and Theoretical Artificial Intelligence},
  number = {4},
  year = {1989}
}

@incollection{Harnad2001-HARWWA,
  editor = {Michael A. Bishop and John M. Preston},
  publisher = {Oxford University Press},
  title = {What's Wrong and Right About Searle's Chinese Room Argument?},
  year = {2001},
  booktitle = {[Book Chapter] (in Press)},
  author = {Stevan Harnad}
}

@incollection{Haugeland2003-HAUSSP,
  year = {2003},
  booktitle = {Views Into the Chinese Room: New Essays on Searle and Artificial Intelligence},
  publisher = {Oxford University Press},
  editor = {John M. Preston and Michael A. Bishop},
  title = {Syntax, Semantics, Physics},
  author = {John Haugeland}
}

@article{Maudlin1989-MAUCAC-4,
  year = {1989},
  pages = {407},
  publisher = {Journal of Philosophy},
  number = {8},
  author = {Tim Maudlin},
  volume = {86},
  title = {Computation and Consciousness},
  journal = {Journal of Philosophy}
}

@book{Moravec1998-MORRMM,
  year = {1998},
  title = {Robot: Mere Machine to Transcendent Mind},
  publisher = {Oup Usa},
  author = {Hans Moravec}
}

@incollection{Penrose2003-PENCCA,
  publisher = {Oxford University Press},
  author = {Roger Penrose},
  editor = {John M. Preston and Michael A. Bishop},
  year = {2003},
  booktitle = {Views Into the Chinese Room: New Essays on Searle and Artificial Intelligence},
  title = {Consciousness, Computation, and the Chinese Room}
}

@book{Pinker1998-PINHTM,
  author = {Steven Pinker},
  year = {1998},
  title = {How the Mind Works},
  publisher = {Norton}
}

@article{Rey1986-REYWRG,
  journal = {Philosophical Studies},
  title = {What's Really Going on in Searle's 'Chinese Room'},
  publisher = {Springer},
  year = {1986},
  author = {Georges Rey},
  volume = {50},
  pages = {169--85},
  number = {September}
}

@incollection{Rey2003-REYSMO,
  pages = {201--225},
  title = {Searle's Misunderstandings of Functionalism and Strong AI},
  year = {2003},
  editor = {John M. Preston and Michael A. Bishop},
  author = {Georges Rey},
  booktitle = {Views Into the Chinese Room: New Essays on Searle and Artificial Intelligence},
  publisher = {Oxford University Press}
}

@article{Searle80minds,
    author = {John R. Searle},
    title = {Minds, brains, and programs},
    journal = {Behavioral and Brain Sciences},
    year = {1980},
    volume = {3},
    pages = {417--424}
}

@book{Searle1984-SEAMBA-2,
  author = {John R. Searle},
  year = {1984},
  publisher = {Harvard University Press},
  title = {Minds, Brains and Science}
}

@article{Searle1993-SEATPO,
  author = {John R. Searle},
  volume = {60},
  publisher = {Elsevier},
  year = {1993},
  number = {1},
  journal = {Social Research},
  pages = {3--16},
  title = {The Problem of Consciousness}
}

@incollection{Searle2002-SEATYI,
  year = {2002},
  publisher = {Oxford University Press},
  booktitle = {Views Into the Chinese Room: New Essays on Searle and Artificial Intelligence},
  title = {Twenty-One Years in the Chinese Room},
  author = {John R. Searle},
  editor = {John M. Preston and John Mark Bishop}
}

@article{Schank1978,
author = {C. Schank, Roger and P. Abelson, Robert},
year = {1978},
month = {09},
pages = {},
title = {Scripts, Plans, Goals, and Understanding: An Inquiry into Human Knowledge Structures},
volume = {54},
booktitle = {Language}
}

@article{Shaffer2009-SHAALH,
  volume = {19},
  author = {Michael J. Shaffer},
  publisher = {Springer},
  number = {2},
  journal = {Minds and Machines},
  year = {2009},
  pages = {229--235},
  title = {A Logical Hole in the Chinese Room}
}

@article{turing1950computing,
  added-at = {2012-06-19T15:53:23.000+0200},
  author = {Turing, A. M.},
  biburl = {https://www.bibsonomy.org/bibtex/2c6b8db241dec2cec3477ce771abebb8f/jaeschke},
  copyright = {Copyright Â© 1950 Oxford University Press},
  interhash = {3f7a151a4f79fe75b4bb148b41279a9b},
  intrahash = {c6b8db241dec2cec3477ce771abebb8f},
  issn = {00264423},
  journal = {Mind},
  jstor_articletype = {research-article},
  jstor_formatteddate = {Oct., 1950},
  keywords = {},
  language = {English},
  number = 236,
  pages = {433--460},
  publisher = {Oxford University Press on behalf of the Mind Association},
  series = {New Series},
  timestamp = {2012-06-19T15:53:23.000+0200},
  title = {Computing Machinery and Intelligence},
  url = {http://www.jstor.org/stable/2251299},
  volume = 59,
  year = 1950
}


